%! Author = universe9793
%! Date = 2024/4/7

